@article{bib:ms_dl,
  author    = {Shuvendu K. Lahiri and
               Madanlal Musuvathi},
  title     = {An Efficient Nelson-Oppen Decision Procedure for Difference
               Constraints over Rationals},
  journal   = {Electr. Notes Theor. Comput. Sci.},
  volume    = {144},
  number    = {2},
  year      = {2006},
  pages     = {27-41},
  ee        = {http://dx.doi.org/10.1016/j.entcs.2005.12.004},
  bibsource = {DBLP, http://dblp.uni-trier.de}
}

@inproceedings{bib:ms_utvpi,
  author    = {Shuvendu K. Lahiri and
               Madanlal Musuvathi},
  title     = {An Efficient Decision Procedure for UTVPI Constraints},
  booktitle = {FroCos},
  year      = {2005},
  pages     = {168-183},
  ee        = {http://dx.doi.org/10.1007/11559306_9},
  crossref  = {DBLP:conf/frocos/2005},
  bibsource = {DBLP, http://dblp.uni-trier.de}
}

@proceedings{DBLP:conf/frocos/2005,
  editor    = {Bernhard Gramlich},
  title     = {Frontiers of Combining Systems, 5th International Workshop,
               FroCoS 2005, Vienna, Austria, September 19-21, 2005, Proceedings},
  booktitle = {FroCoS},
  publisher = {Springer},
  series    = {Lecture Notes in Computer Science},
  volume    = {3717},
  year      = {2005},
  isbn      = {3-540-29051-6},
  bibsource = {DBLP, http://dblp.uni-trier.de}
}

@inproceedings{bib:arithmetic_dpllt,
  author    = {Bruno Dutertre and
               Leonardo Mendon\c{c}a de Moura},
  title     = {A Fast Linear-Arithmetic Solver for DPLL(T)},
  booktitle = {CAV},
  year      = {2006},
  pages     = {81-94},
  ee        = {http://dx.doi.org/10.1007/11817963_11},
  crossref  = {DBLP:conf/cav/2006},
  bibsource = {DBLP, http://dblp.uni-trier.de}
}

@proceedings{DBLP:conf/cav/2006,
  editor    = {Thomas Ball and
               Robert B. Jones},
  title     = {Computer Aided Verification, 18th International Conference,
               CAV 2006, Seattle, WA, USA, August 17-20, 2006, Proceedings},
  booktitle = {CAV},
  publisher = {Springer},
  series    = {Lecture Notes in Computer Science},
  volume    = {4144},
  year      = {2006},
  isbn      = {3-540-37406-X},
  bibsource = {DBLP, http://dblp.uni-trier.de}
}

@inproceedings{bib:dl_propagation,
  author    = {Scott Cotton and
               Oded Maler},
  title     = {Fast and Flexible Difference Constraint Propagation for
               DPLL(T)},
  booktitle = {SAT},
  year      = {2006},
  pages     = {170-183},
  ee        = {http://dx.doi.org/10.1007/11814948_19},
  crossref  = {DBLP:conf/sat/2006},
  bibsource = {DBLP, http://dblp.uni-trier.de}
}

@proceedings{DBLP:conf/sat/2006,
  editor    = {Armin Biere and
               Carla P. Gomes},
  title     = {Theory and Applications of Satisfiability Testing - SAT
               2006, 9th International Conference, Seattle, WA, USA, August
               12-15, 2006, Proceedings},
  booktitle = {SAT},
  publisher = {Springer},
  series    = {Lecture Notes in Computer Science},
  volume    = {4121},
  year      = {2006},
  isbn      = {3-540-37206-7},
  bibsource = {DBLP, http://dblp.uni-trier.de}
}

@article{bib:nelson_oppen,
  author    = {Greg Nelson and
               Derek C. Oppen},
  title     = {Simplification by Cooperating Decision Procedures},
  journal   = {ACM Trans. Program. Lang. Syst.},
  volume    = {1},
  number    = {2},
  year      = {1979},
  pages     = {245-257},
  ee        = {http://doi.acm.org/10.1145/357073.357079},
  bibsource = {DBLP, http://dblp.uni-trier.de}
}

@article{bib:tarjan_dfs,
  author    = {Robert Endre Tarjan},
  title     = {Depth-First Search and Linear Graph Algorithms},
  journal   = {SIAM J. Comput.},
  volume    = {1},
  number    = {2},
  year      = {1972},
  pages     = {146-160},
  ee        = {http://dx.doi.org/10.1137/0201010},
  bibsource = {DBLP, http://dblp.uni-trier.de}
}

@inproceedings{bib:harvey_stuckey,
    author = {Warwick Harvey and Peter Stuckey},
    title = {A Unit Two Variable Per Inequality Integer Constraint Solver for Constraint Logic Programming},
    booktitle = {In Proceedings of the Twentieth Australasian Computer Science Conference},
    year = {1997},
    pages = {102--111}
}

@inproceedings{bib:beyond_finite,
  author    = {Joxan Jaffar and
               Michael J. Maher and
               Peter J. Stuckey and
               Roland H. C. Yap},
  title     = {Beyond Finite Domains},
  booktitle = {PPCP},
  year      = {1994},
  pages     = {86-94},
  ee        = {http://dx.doi.org/10.1007/3-540-58601-6_92},
  crossref  = {DBLP:conf/ppcp/1994},
  bibsource = {DBLP, http://dblp.uni-trier.de}
}

@proceedings{DBLP:conf/ppcp/1994,
  editor    = {Alan Borning},
  title     = {Principles and Practice of Constraint Programming, Second
               International Workshop, PPCP'94, Rosario, Orcas Island,
               Washington, USA, May 2-4, 1994, Proceedings},
  booktitle = {PPCP},
  publisher = {Springer},
  series    = {Lecture Notes in Computer Science},
  volume    = {874},
  year      = {1994},
  isbn      = {3-540-58601-6},
  bibsource = {DBLP, http://dblp.uni-trier.de}
}

@article{bib:octagons,
  author    = {Antoine Min{\'e}},
  title     = {The octagon abstract domain},
  journal   = {Higher-Order and Symbolic Computation},
  volume    = {19},
  number    = {1},
  year      = {2006},
  pages     = {31-100},
  ee        = {http://dx.doi.org/10.1007/s10990-006-8609-1},
  bibsource = {DBLP, http://dblp.uni-trier.de}
}

@inproceedings{bib:dynamic_negative_cycle,
  author    = {Daniele Frigioni and
               Alberto Marchetti-Spaccamela and
               Umberto Nanni},
  title     = {Fully Dynamic Shortest Paths and Negative Cycles Detection
               on Digraphs with Arbitrary Arc Weights},
  booktitle = {ESA},
  year      = {1998},
  pages     = {320-331},
  ee        = {http://dx.doi.org/10.1007/3-540-68530-8_27},
  crossref  = {DBLP:conf/esa/1998},
  bibsource = {DBLP, http://dblp.uni-trier.de}
}

@proceedings{DBLP:conf/esa/1998,
  editor    = {Gianfranco Bilardi and
               Giuseppe F. Italiano and
               Andrea Pietracaprina and
               Geppino Pucci},
  title     = {Algorithms - ESA '98, 6th Annual European Symposium, Venice,
               Italy, August 24-26, 1998, Proceedings},
  booktitle = {ESA},
  publisher = {Springer},
  series    = {Lecture Notes in Computer Science},
  volume    = {1461},
  year      = {1998},
  isbn      = {3-540-64848-8},
  bibsource = {DBLP, http://dblp.uni-trier.de}
}

@inproceedings{bib:negative_cycles,
  author    = {Boris V. Cherkassky and
               Andrew V. Goldberg},
  title     = {Negative-Cycle Detection Algorithms},
  booktitle = {ESA},
  year      = {1996},
  pages     = {349-363},
  ee        = {http://dx.doi.org/10.1007/3-540-61680-2_67},
  crossref  = {DBLP:conf/esa/1996},
  bibsource = {DBLP, http://dblp.uni-trier.de}
}

@proceedings{DBLP:conf/esa/1996,
  editor    = {Josep D\'{\i}az and
               Maria J. Serna},
  title     = {Algorithms - ESA '96, Fourth Annual European Symposium,
               Barcelona, Spain, September 25-27, 1996, Proceedings},
  booktitle = {ESA},
  publisher = {Springer},
  series    = {Lecture Notes in Computer Science},
  volume    = {1136},
  year      = {1996},
  isbn      = {3-540-61680-2},
  bibsource = {DBLP, http://dblp.uni-trier.de}
}

@book{bib:algorithms,
  author    = {Thomas H. Cormen and
               Charles E. Leiserson and
               Ronald L. Rivest and
               Clifford Stein},
  title     = {Introduction to Algorithms (3. ed.)},
  publisher = {MIT Press},
  year      = {2009},
  isbn      = {978-0-262-03384-8},
  pages     = {I-XIX, 1-1292},
  ee        = {http://mitpress.mit.edu/catalog/item/default.asp?ttype=2{\&}tid=11866},
  bibsource = {DBLP, http://dblp.uni-trier.de}
}

@misc{bib:z3,
  title        = {Z3 SMT Solver},
  howpublished = {\url{http://research.microsoft.com/en-us/um/redmond/projects/z3/}},
  key          = {z}
}

@misc{bib:cc11,
  title        = {C++11},
  howpublished =
    {\url{http://www.iso.org/iso/iso_catalogue/catalogue_tc/catalogue_detail.htm?csnumber=50372}
    \\
    \url{http://en.wikipedia.org/wiki/C%2B%2B11}
    },
  key          = {z}
}

@misc{bib:boost,
  title        = {Boost Libraries},
  howpublished = {\url{http://www.boost.org/}},
  key          = {z}
}

@misc{bib:boost_graph,
  title        = {Boost Graph Library},
  howpublished = {\url{http://www.boost.org/doc/libs/1_48_0/libs/graph/doc/index.html}},
  key          = {z}
}

@misc{bib:gmp,
  title        = {GMP --- The GNU Multiple Precision Arithmetic Library},
  howpublished = {\url{http://gmplib.org/}},
  key          = {z}
}

@misc{bib:fx7,
  author       = {Micha{\l} Moskal},
  title        = {Fx7},
  howpublished = {\url{http://moskal.me/smt/en.html}},
}
